@article{original_svm_cortes,
year={1995},
issn={0885-6125},
journal={{Machine Learning}},
volume={20},
number={3},
doi={10.1007/BF00994018},
title={Support-Vector Networks},
url={http://dx.doi.org/10.1007/BF00994018},
publisher={{Kluwer Academic Publishers}},
keywords={pattern recognition; efficient learning algorithms; neural networks; radial basis function classifiers; polynomial classifiers},
author={Cortes, Corinna and Vapnik, Vladimir},
pages={273-297},
language={English}
}

@article{smo_ref,
year={1998},
journal={A fast algorithm for training support vector machines},
volume={208},
number={3},
doi={MSR-TR-98-14},
title={{Advances in Kernel Methods Support Vector Learning}},
keywords={pattern recognition; efficient learning algorithms; neural networks; radial basis function classifiers; polynomial classifiers},
author={J. Platt},
pages={1-21},
language={English}
}

@incollection{chang_edwardy_paralell_svm,
year={2011},
isbn={978-3-642-20428-9},
booktitle={{Foundations of Large-Scale Multimedia Information Management and Retrieval}},
doi={10.1007/978-3-642-20429-6_10},
title={{PSVM: Parallelizing Support Vector Machines on Distributed Computers}},
url={http://dx.doi.org/10.1007/978-3-642-20429-6_10},
publisher={Springer Berlin Heidelberg},
keywords={Support vector machines; Interior point method; Incomplete Cholesky factorization; MPI; Distributed systems; Matrix factorization},
author={Chang, EdwardY.},
pages={213-230},
language={English}
}

@article{CC01a,
 author = {Chang, Chih-Chung and Lin, Chih-Jen},
 title = {{LIBSVM}: A library for support vector machines},
 journal = {{ACM Transactions on Intelligent Systems and Technology}},
 volume = {2},
 issue = {3},
 year = {2011},
 pages = {27:1--27:27},
 note =	 {Software available at \url{http://www.csie.ntu.edu.tw/~cjlin/libsvm}}
}

@inproceedings{Ferragut:2012:RSL:2456694.2453891,
 author = {Ferragut, Erik M. and Laska, Jason},
 title = {{Randomized Sampling for Large Data Applications of SVM}},
 booktitle = {{Proceedings of the 2012 11th International Conference on Machine Learning and Applications - Volume 01}},
 series = {ICMLA '12},
 year = {2012},
 isbn = {978-0-7695-4913-2},
 pages = {350--355},
 numpages = {6},
 url = {http://dx.doi.org/10.1109/ICMLA.2012.65},
 doi = {10.1109/ICMLA.2012.65},
 acmid = {2453891},
 publisher = {IEEE Computer Society},
 address = {Washington, DC, USA},
 keywords = {suppor vector machine, svm, randomized algorithms, random sampling, parallelization, machine learning, scalability}
} 

@INPROCEEDINGS{Graf05parallelsupport,
    author = {Hans Peter Graf and Eric Cosatto and Leon Bottou and Igor Durdanovic and Vladimir Vapnik},
    title = {{Parallel support vector machines: The cascade svm}},
    booktitle = {{In Advances in Neural Information Processing Systems}},
    year = {2005},
    pages = {521--528},
    publisher = {MIT Press}
}

@ARTICLE{870050, 
author={Shevade, S.K. and Keerthi, S.S. and Bhattacharyya, C. and Murthy, K.R.K.}, 
journal={Neural Networks, IEEE Transactions on}, 
title={{Improvements to the SMO algorithm for SVM regression}}, 
year={2000}, 
month={Sep}, 
volume={11}, 
number={5}, 
pages={1188-1193}, 
keywords={neural nets;quadratic programming;statistical analysis;Karush-Kuhn-Tucker conditions;quadratic programming;regression;sequential minimal optimization;support vector machine;threshold parameters;Algorithm design and analysis;Computer science;Iterative algorithms;Kernel;Mathematical programming;Neural networks;Pattern recognition;Quadratic programming;Support vector machine classification;Support vector machines}, 
doi={10.1109/72.870050}, 
ISSN={1045-9227}
}

@article{Keerthi:2001:IPS:1120489.1120499,
 author = {Keerthi, S. S. and Shevade, S. K. and Bhattacharyya, C. and Murthy, K. R. K.},
 title = {{Improvements to Platt's SMO Algorithm for SVM Classifier Design}},
 journal = {Neural Comput.},
 issue_date = {March 2001},
 volume = {13},
 number = {3},
 month = mar,
 year = {2001},
 issn = {0899-7667},
 pages = {637--649},
 numpages = {13},
 url = {http://dx.doi.org/10.1162/089976601300014493},
 doi = {10.1162/089976601300014493},
 acmid = {1120499},
 publisher = {MIT Press},
 address = {Cambridge, MA, USA}
} 

@ARTICLE{1650245, 
author={Chih-Jen Lin}, 
journal={{Neural Networks, IEEE Transactions on}}, 
title={{A study on SMO-type decomposition methods for support vector machines}}, 
year={2006}, 
month={July}, 
volume={17}, 
number={4}, 
pages={893-908}, 
keywords={convergence;learning (artificial intelligence);optimisation;support vector machines;SMO-type decomposition methods;caching technique;linear convergence;sequential minimal optimization type decomposition methods;shrinking technique;simple asymptotic convergence proof;support vector machines training;working set selections;Computer science;Convergence;Iterative methods;Kernel;Matrix decomposition;Optimization methods;Support vector machines;Symmetric matrices;Upper bound;Decomposition method;sequential minimal optimization (SMO);support vector machine (SVM)}, 
doi={10.1109/TNN.2006.875973}, 
ISSN={1045-9227}
}

@article{Hush:2006:QAG:1248547.1248573,
 author = {Hush, Don and Kelly, Patrick and Scovel, Clint and Steinwart, Ingo},
 title = {{QP Algorithms with Guaranteed Accuracy and Run Time for Support Vector Machines}},
 journal = {J. Mach. Learn. Res.},
 issue_date = {12/1/2006},
 volume = {7},
 month = dec,
 year = {2006},
 issn = {1532-4435},
 pages = {733--769},
 numpages = {37},
 url = {http://dl.acm.org/citation.cfm?id=1248547.1248573},
 acmid = {1248573},
 publisher = {JMLR.org}
} 

@article{DBLP:journals/corr/abs-1008-4000,
  author    = {Tianyi Zhou and
               Dacheng Tao and
               Xindong Wu},
  title     = {{NESVM:} a {Fast Gradient Method for Support Vector Machines}},
  journal   = {CoRR},
  volume    = {abs/1008.4000},
  year      = {2010},
  url       = {http://arxiv.org/abs/1008.4000},
  timestamp = {Mon, 05 Dec 2011 18:05:38 +0100},
  biburl    = {http://dblp.uni-trier.de/rec/bib/journals/corr/abs-1008-4000},
  bibsource = {dblp computer science bibliography, http://dblp.org}
}

@inproceedings{conf/icml/CossalterYZ11,
  added-at = {2011-12-16T00:00:00.000+0100},
  author = {Cossalter, Michele and Yan, Rong and Zheng, Lu},
  biburl = {http://www.bibsonomy.org/bibtex/2cd257bf27041bb38782020b0a7a0467c/dblp},
  booktitle = {ICML},
  editor = {Getoor, Lise and Scheffer, Tobias},
  interhash = {3ede1b2e5e0274d647c2efa497487dd3},
  intrahash = {cd257bf27041bb38782020b0a7a0467c},
  keywords = {dblp},
  pages = {409-416},
  publisher = {Omnipress},
  timestamp = {2011-12-17T11:33:24.000+0100},
  title = {{Adaptive Kernel Approximation for Large-Scale Non-Linear SVM Prediction.}},
  url = {http://dblp.uni-trier.de/db/conf/icml/icml2011.html#CossalterYZ11},
  year = {2011}
}

@inproceedings{conf/icnc/LeiL11,
  added-at = {2011-09-20T00:00:00.000+0200},
  author = {Lei, Hansheng and Long, Qian},
  biburl = {http://www.bibsonomy.org/bibtex/2800a5e12c253fa13172d9774203d47b8/dblp},
  booktitle = {ICNC},
  editor = {Ding, Yongsheng and Wang, Haiying and Xiong, Ning and Hao, Kuangrong and Wang, Lipo},
  ee = {http://doi.ieeecomputersociety.org/10.1109/ICNC.2011.6022107},
  interhash = {fcecad7208df4cc26e4c5a6c3786eb34},
  intrahash = {800a5e12c253fa13172d9774203d47b8},
  isbn = {978-1-4244-9950-2},
  keywords = {dblp},
  pages = {367-372},
  publisher = {IEEE},
  timestamp = {2011-09-21T11:44:11.000+0200},
  title = {{Locate potential Support Vectors for faster Sequential Minimal Optimization.}},
  url = {http://dblp.uni-trier.de/db/conf/icnc/icnc2011.html#LeiL11},
  year = 2011
}

@article{journals/tnn/MavroforakisST07,
  added-at = {2008-02-21T00:00:00.000+0100},
  author = {Mavroforakis, Michael E. and Sdralis, Margaritis and Theodoridis, Sergios},
  biburl = {http://www.bibsonomy.org/bibtex/260ca10d25f350c417d63b514b0784daf/dblp},
  date = {2008-02-21},
  description = {dblp},
  ee = {http://doi.ieeecomputersociety.org/10.1109/TNN.2007.900237},
  interhash = {1fe7dc8e1f67c202f7c831224042a46e},
  intrahash = {60ca10d25f350c417d63b514b0784daf},
  journal = {IEEE Transactions on Neural Networks},
  keywords = {dblp},
  number = 5,
  pages = {1545-1549},
  timestamp = {2008-02-22T11:35:35.000+0100},
  title = {{A Geometric Nearest Point Algorithm for the Efficient Solution of the SVM Classification Task.}},
  url = {http://dblp.uni-trier.de/db/journals/tnn/tnn18.html#MavroforakisST07},
  volume = 18,
  year = 2007
}

@ARTICLE{Tsang05corevector,
    author = {Ivor W. Tsang and James T. Kwok and Pak-ming Cheung and Nello Cristianini},
    title = {{Core vector machines: Fast SVM training on very large data sets}},
    journal = {Journal of Machine Learning Research},
    year = {2005},
    volume = {6},
    pages = {363--392}
}

@article{Loosli:2007:CCV:1248659.1248670,
 author = {Loosli, Ga\"{e}lle and Canu, St{\'e}phane},
 title = {{Comments on the "Core Vector Machines: Fast SVM Training on Very Large Data Sets"}},
 journal = {J. Mach. Learn. Res.},
 issue_date = {5/1/2007},
 volume = {8},
 month = may,
 year = {2007},
 issn = {1532-4435},
 pages = {291--301},
 numpages = {11},
 url = {http://dl.acm.org/citation.cfm?id=1248659.1248670},
 acmid = {1248670},
 publisher = {JMLR.org},
} 

@book{Wu:2009:TTA:1554380,
 author = {Wu, Xindong and Kumar, Vipin},
 title = {{The Top Ten Algorithms in Data Mining}},
 year = {2009},
 isbn = {1420089641, 9781420089646},
 edition = {1st},
 publisher = {Chapman \& Hall/CRC},
}

@incollection{Joachims:1999:MLS:299094.299104,
 author = {Joachims, Thorsten},
 chapter = {{Making Large-scale Support Vector Machine Learning Practical}},
 title = {{Advances in Kernel Methods}},
 editor = {Sch\"{o}lkopf, Bernhard and Burges, Christopher J. C. and Smola, Alexander J.},
 year = {1999},
 isbn = {0-262-19416-3},
 pages = {169--184},
 numpages = {16},
 url = {http://dl.acm.org/citation.cfm?id=299094.299104},
 acmid = {299104},
 publisher = {MIT Press},
 address = {Cambridge, MA, USA}
} 

@article{Fan:2008:LLL:1390681.1442794,
 author = {Fan, Rong-En and Chang, Kai-Wei and Hsieh, Cho-Jui and Wang, Xiang-Rui and Lin, Chih-Jen},
 title = {{LIBLINEAR: A Library for Large Linear Classification}},
 journal = {J. Mach. Learn. Res.},
 issue_date = {6/1/2008},
 volume = {9},
 month = jun,
 year = {2008},
 issn = {1532-4435},
 pages = {1871--1874},
 numpages = {4},
 url = {http://dl.acm.org/citation.cfm?id=1390681.1442794},
 acmid = {1442794},
 publisher = {JMLR.org}
} 