@techreport{sarwar2000application,
  title={Application of dimensionality reduction in recommender system-a case study},
  author={Sarwar, Badrul and Karypis, George and Konstan, Joseph and Riedl, John},
  year={2000},
  institution={DTIC Document}
}
@misc{funk2006netflix,
  title={Netflix update: Try this at home},
  author={Funk, Simon},
  year={2006}
}

@inproceedings{koren2008factorization,
  title={Factorization meets the neighborhood: a multifaceted collaborative filtering model},
  author={Koren, Yehuda},
  booktitle={Proceedings of the 14th ACM SIGKDD international conference on Knowledge discovery and data mining},
  pages={426--434},
  year={2008},
  organization={ACM}
}

@article{koren2009matrix,
  title={Matrix factorization techniques for recommender systems},
  author={Koren, Yehuda and Bell, Robert and Volinsky, Chris and others},
  journal={Computer},
  volume={42},
  number={8},
  pages={30--37},
  year={2009},
  publisher={Institute of Electrical and Electronics Engineers, Inc., 3 Park Avenue, 17 th Fl New York NY 10016-5997 United States}
}

@inproceedings{hill1995recommending,
  title={Recommending and evaluating choices in a virtual community of use},
  author={Hill, Will and Stead, Larry and Rosenstein, Mark and Furnas, George},
  booktitle={Proceedings of the SIGCHI conference on Human factors in computing systems},
  pages={194--201},
  year={1995},
  organization={ACM Press/Addison-Wesley Publishing Co.}
}

@inproceedings{resnick1994grouplens,
  title={GroupLens: an open architecture for collaborative filtering of netnews},
  author={Resnick, Paul and Iacovou, Neophytos and Suchak, Mitesh and Bergstrom, Peter and Riedl, John},
  booktitle={Proceedings of the 1994 ACM conference on Computer supported cooperative work},
  pages={175--186},
  year={1994},
  organization={ACM}
}

@inproceedings{shardanand1995social,
  title={Social information filtering: algorithms for automating “word of mouth”},
  author={Shardanand, Upendra and Maes, Pattie},
  booktitle={Proceedings of the SIGCHI conference on Human factors in computing systems},
  pages={210--217},
  year={1995},
  organization={ACM Press/Addison-Wesley Publishing Co.}
}

@article{adomavicius2005toward,
  title={Toward the next generation of recommender systems: A survey of the state-of-the-art and possible extensions},
  author={Adomavicius, Gediminas and Tuzhilin, Alexander},
  journal={IEEE transactions on knowledge and data engineering},
  volume={17},
  number={6},
  pages={734--749},
  year={2005},
  publisher={IEEE}
}

@article{balabanovic1997fab,
  title={Fab: content-based, collaborative recommendation},
  author={Balabanovi{\'c}, Marko and Shoham, Yoav},
  journal={Communications of the ACM},
  volume={40},
  number={3},
  pages={66--72},
  year={1997},
  publisher={ACM}
}

@inproceedings{tran2000hybrid,
  title={Hybrid recommender systems for electronic commerce},
  author={Tran, Thomas and Cohen, Robin},
  booktitle={Proc. Knowledge-Based Electronic Markets, Papers from the AAAI Workshop, Technical Report WS-00-04, AAAI Press},
  year={2000}
}

@book{chevalier2009collaborative,
  title={Collaborative and Social Information Retrieval and Access: Techniques for Improved User Modeling: Techniques for Improved User Modeling},
  author={Chevalier, Max},
  year={2009},
  publisher={IGI Global}
}

@article{linden2003amazon,
  title={Amazon. com recommendations: Item-to-item collaborative filtering},
  author={Linden, Greg and Smith, Brent and York, Jeremy},
  journal={IEEE Internet computing},
  volume={7},
  number={1},
  pages={76--80},
  year={2003},
  publisher={IEEE}
}

@incollection{lops2011content,
  title={Content-based recommender systems: State of the art and trends},
  author={Lops, Pasquale and De Gemmis, Marco and Semeraro, Giovanni},
  booktitle={Recommender systems handbook},
  pages={73--105},
  year={2011},
  publisher={Springer}
}

@article{resnick1997recommender,
  title={Recommender systems},
  author={Resnick, Paul and Varian, Hal R},
  journal={Communications of the ACM},
  volume={40},
  number={3},
  pages={56--58},
  year={1997},
  publisher={ACM}
}

@inproceedings{oard1998implicit,
  title={Implicit feedback for recommender systems},
  author={Oard, Douglas W and Kim, Jinmook and others},
  booktitle={Proceedings of the AAAI workshop on recommender systems},
  pages={81--83},
  year={1998}
}

@inproceedings{sarwar2001item,
  title={Item-based collaborative filtering recommendation algorithms},
  author={Sarwar, Badrul and Karypis, George and Konstan, Joseph and Riedl, John},
  booktitle={Proceedings of the 10th international conference on World Wide Web},
  pages={285--295},
  year={2001},
  organization={ACM}
}

@incollection{burke2007hybrid,
  title={Hybrid web recommender systems},
  author={Burke, Robin},
  booktitle={The adaptive web},
  pages={377--408},
  year={2007},
  publisher={Springer}
}

@article{burke2002hybrid,
  title={Hybrid recommender systems: Survey and experiments},
  author={Burke, Robin},
  journal={User modeling and user-adapted interaction},
  volume={12},
  number={4},
  pages={331--370},
  year={2002},
  publisher={Springer}
}

@inproceedings{salakhutdinov2007restricted,
  title={Restricted Boltzmann machines for collaborative filtering},
  author={Salakhutdinov, Ruslan and Mnih, Andriy and Hinton, Geoffrey},
  booktitle={Proceedings of the 24th international conference on Machine learning},
  pages={791--798},
  year={2007},
  organization={ACM}
}

@inproceedings{salakhutdinov2008bayesian,
  title={Bayesian probabilistic matrix factorization using Markov chain Monte Carlo},
  author={Salakhutdinov, Ruslan and Mnih, Andriy},
  booktitle={Proceedings of the 25th international conference on Machine learning},
  pages={880--887},
  year={2008},
  organization={ACM}
}

@article{zhang2012multi,
  title={Multi-domain collaborative filtering},
  author={Zhang, Yu and Cao, Bin and Yeung, Dit-Yan},
  journal={arXiv preprint arXiv:1203.3535},
  year={2012}
}

@inproceedings{jin2002preference,
  title={Preference-based graphic models for collaborative filtering},
  author={Jin, Rong and Si, Luo and Zhai, ChengXiang},
  booktitle={Proceedings of the Nineteenth conference on Uncertainty in Artificial Intelligence},
  pages={329--336},
  year={2002},
  organization={Morgan Kaufmann Publishers Inc.}
}

@inproceedings{rendle2010pairwise,
  title={Pairwise interaction tensor factorization for personalized tag recommendation},
  author={Rendle, Steffen and Schmidt-Thieme, Lars},
  booktitle={Proceedings of the third ACM international conference on Web search and data mining},
  pages={81--90},
  year={2010},
  organization={ACM}
}

@inproceedings{ma2011recommender,
  title={Recommender systems with social regularization},
  author={Ma, Hao and Zhou, Dengyong and Liu, Chao and Lyu, Michael R and King, Irwin},
  booktitle={Proceedings of the fourth ACM international conference on Web search and data mining},
  pages={287--296},
  year={2011},
  organization={ACM}
}